@book{Rapaport2004,
  title     = {{The Art of Molecular Dynamics Simulation}},
  author    = {D. C. Rapaport},
  year      = {2004},
  publisher = {Cambridge University Press}
}

@book{Leach2001,
  title     = {{Molecular Modelling}},
  author    = {Leach, Andrew R.},
  year      = {2001},
  publisher = {Pearson Education}
}

@book{Coffey2012,
  title     = {{The Langevin Equation}},
  author    = {Coffey, William and Kalmykov, Yu. P.},
  year      = {2012},
  publisher = {World Scientific}
}

@book{Wilt2013,
  title     = {{The CUDA Handbook: A Comprehensive Guide to GPU Programming}},
  author    = {Wilt, Nicholas},
  year      = {2013},
  publisher = {Pearson Education}
}

@book{Rubinstein2003,
  title     = {{Polymer Physics}},
  author    = {Rubinstein, Michael and Colby, Ralph H.},
  year      = {2003},
  publisher = {OUP Oxford}
}

@inbook{Theodorakopoulos2019,
  title     = {{Statistical Physics of DNA}},
  author    = {Theodorakopoulos, Nikos},
  chapter   = {1},
  pages     = {1-17},
  year      = {2019},
  publisher = {World Scientific Publishing Company}
}

@article{Fiasconaro2019,
  title   = {{Analytical results of the extensible freely jointed chain model}},
  author  = {Fiasconaro, Alessandro and Falo, Fernando},
  volume  = {532},
  pages   = {121929},
  month   = {10},
  year    = {2019},
  journal = {Physica A: Statistical Mechanics and its Applications}
}

@article{Fiasconaro2023,
  title   = {{Elastic traits of the extensible discrete wormlike chain model}},
  author  = {Alessandro Fiasconaro and Fernando Falo},
  volume  = {107},
  pages   = {024501},
  month   = {2},
  year    = {2023},
  journal = {Physical Review E}
}

@article{Milo2009,
  title   = {{BioNumbers \textemdash the database of key numbers in molecular and cell biology}},
  author  = {Ron Milo and Paul Jorgensen and Uri Moran and Griffin Weber and Michael Springer},
  volume  = {38},
  pages   = {D750--D753},
  month   = {10},
  year    = {2009},
  journal = {Nucleic Acids Research}
}

@article{Purcell1977,
  title   = {{Life at low Reynolds number}},
  author  = {E. M. Purcell},
  volume  = {45},
  pages   = {3--11},
  month   = {1},
  year    = {1977},
  journal = {American Journal of Physics}
}

@book{Toral2014,
  title     = {{Stochastic Numerical Methods}},
  author    = {Toral, Raúl and Colet, Pere},
  year      = {2014},
  publisher = {John Wiley \& Sons}
}

@inproceedings{Salmon2011,
  title     = {{Parallel Random Numbers: As Easy as 1, 2, 3}},
  author    = {John K. Salmon and Mark A. Moraes and Ron O. Dror and David E. Shaw},
  month     = {11},
  year      = {2011},
  booktitle = {Proceedings of 2011 International Conference for High Performance Computing,  Networking,  Storage and Analysis}
}

@article{Dawson2018,
  title   = {{Equilibration and analysis of first-principles molecular dynamics simulations of water}},
  author  = {William Dawson and François Gygi},
  volume  = {148},
  pages   = {124501},
  month   = {3},
  year    = {2018},
  journal = {The Journal of Chemical Physics}
}

@article{Flyvbjerg1989,
  title   = {{Error estimates on averages of correlated data}},
  author  = {H. Flyvbjerg and H. G. Petersen},
  volume  = {91},
  pages   = {461--466},
  month   = {7},
  year    = {1989},
  journal = {The Journal of Chemical Physics}
}
